2690 4442
186 238 273 374 μα’
548 225 834 326 morotum
860 251 890 326 1.

190 453 269 534 Cius
296 459 408 562 igitur
440 461 537 536 circa
560 468 597 540 6.
629 461 719 536 Maii
743 445 867 537 versut
886 454 1064 558 Gorgeny
1089 457 1134 530 id
1153 477 1260 532 vena·

189 566 356 663 tionem,
404 565 573 640 eumdem
609 567 740 640 eodem
774 582 968 640 euocatum
1001 560 1259 661 comprehendi

185 663 304 770 iuffit,
330 689 430 746 etex
454 673 602 748 decreto
620 671 855 748 comitiorum
875 668 1198 772 Megyeieniium,
1225 687 1258 742 a.

101 805 104 812 ’
189 771 286 850 luitii
311 773 598 870 celebratorum,
624 775 710 850 dunt
729 777 773 850 ad
812 793 932 850 arcem
958 771 1080 848 iiiiv'at
1112 765 1258 846 transfe-

81 903 85 910 ·
186 881 323 954 iendus
352 875 435 958 esset
447 895 466 976 ‘,
492 883 530 982 in
551 881 680 966 itinere
704 873 958 969 ¹trucidandum
978 879 1130 954 curauit.
1171 875 1256 950 Sub·

186 981 262 1060 lato
285 983 356 1060 hoe
388 987 490 1063 imile
512 985 730 1084 domestico,
758 985 875 1062 multo
900 985 1013 1086 magis
1041 986 1255 1058 metuentius

186 1091 331 1188 Turta,
357 1095 418 1192 qui
436 1093 635 1194 principem
654 1089 762 1166 alium
777 1089 860 1210 eligi
873 1091 1041 1184 iubebat,
1066 1086 1256 1186 supererat,

133 1193 136 1204 '
187 1213 443 1293 contraquam
463 1192 495 1274 ie
515 1195 830 1295 praemuniturus,
853 1193 997 1274 caelatis⁴
1012 1193 1252 1296 patrocinium

79 1295 81 1302 ’
188 1319 255 1399 pet
276 1297 487 1400 Dionysium
511 1300 676 1376 Banfium
694 1301 920 1406 implorabat.
972 1303 1071 1377 Ante
1099 1319 1185 1371 uam
1202 1320 1256 1370 au·

185 1405 333 1500 xiiium,
361 1409 405 1486 ab
424 1427 470 1482 eo
492 1393 725 1512 promissum,
760 1407 937 1482 aduenire
960 1327 1126 1512 potuiliet
1135 1426 1148 1489 3
1195 1411 1253 1488 28·

116 1551 118 1566 ·
186 1508 284 1584 iunii
302 1513 501 1590 'furcarum
532 1509 673 1614 aliquot
694 1509 828 1610 miliia,
869 1511 1126 1616 Hunyadinum
1154 1508 1252 1582 ador·
1326 1511 1328 1584 ἶ

186 1627 223 1688 ta
257 1631 372 1694 2000.
402 1613 629 1712 hominum,
673 1613 883 1718 intemplo
925 1617 1252 1706 commorantium,
1326 1631 1328 1688 3

188 1711 426 1798 crudeliffirne
457 1718 701 1822 iugulatum„
734 1720 851 1796 'Aliae
891 1727 1092 1801 Tureamm
1126 1720 1252 1818 copiae
1327 1743 1328 1746 Ν

189 1842 273 1899 cum
302 1822 453 1902 Alilassr
472 1828 601 1928 triduo·
617 1824 696 1928 post
722 1848 787 1932 per
817 1827 960 1930 postam
990 1825 1136 1903 ferream
1166 1827 1251 1898 irtu-

188 1941 347 2030 pemnt,
370 1951 412 2010 et
434 1927 603 2036 ingentes
624 1934 759 2034 ubique
786 1929 915 2034 strages
939 1935 1144 2010 ediderunt.
1197 1932 1253 2002 Se-

186 2045 301 2135 q'uuta
326 2033 584 2132 sunt15.1ulii
611 2041 843 2116 Tartarotum
867 2057 978 2134 5000.
1005 2038 1082 2137 qui'
1101 2029 1251 2110 Betlenii

180 2137 356 2240 litgie'ntis
399 2139 553 2240 vestigiis
590 2139 792 2220 institerunt
804 2195 817 2240 ,
856 2161 897 2219 ac
939 2137 1252 2244 Nagyilinyam,

187 2246 468 2342 Sza'nnarinum,
496 2241 557 2318 iub
583 2246 728 2340 initium
749 2245 929 2350 Augusti,
958 2245 1081 2322 multis
1099 2240 1253 2320 millibus

186 2349 226 2422 in
246 2349 498 2447 ¹captiuitatem
527 2347 680 2444 asserti-s,
705 2351 952 2446 exhauserunt·
966 2349 978 2392 ³
1003 2347 1250 2452 minyius,

187 2449 309 2555 positis
328 2457 372 2526 ad
393 2448 595 2552 Huiztum,
638 2451 914 2547 Transsilttaniae
942 2458 1161 2552 terminum,
1198 2477 1251 2528 ct·

172 2557 294 2658 liris,
320 2575 385 2668 per
407 2555 540 2633 celeres
552 2559 710 2641 nuntios
735 2559 781 2638 de
801 2559 959 2662 periculo
977 2563 1039 2638 suo
1057 2563 1252 2636 Monteeo·

186 2661 336 2759 culum,
364 2683 472 2766 opem
491 2659 768 2746 Tranffilu'aniae
788 2664 877 2746 ferre
901 2661 1055 2767 iulium,
1094 2668 1251 2746 edocuit.

185 2769 272 2844 Erat
294 2765 352 2846 ille
374 2765 535 2848 tunc'ad
565 2772 726 2868 Leuam,
760 2773 860 2848 vnde
885 2765 1251 2874 pum'equitibusad

176 2869 369 2952 'Tibiscum
379 2933 389 2970 ,
418 2874 513 2948 haud
541 2869 669 2980 procul
694 2871 886 2975 Tokaino,
923 2887 983 2968 18.
1004 2884 1102 2982 Aug.
1131 2899 1254 2978 perue-

186 2979 255 3054 nit.
308 2977 494 3076 Alibassa,
546 2984 610 3084 qui
642 2986 715 3056 ianr
746 2988 790 3066 ad
815 2981 988 3062 Husztum
1020 2985 1129 3060 talita
1151 2984 1253 3059 habe·

189 3085 274 3178 bat,
301 3083 424 3158 audito
447 3083 723 3170 Christianorum
750 3091 1074 3188 propinquantium
1095 3111 1252 3182 rumore,

185 3205 283 3282 retro
305 3189 438 3282 vertit,
486 3187 656 3294 et'quod
686 3189 792 3270 alium
817 3191 1026 3293 iiusztenses
1050 3189 1248 3295 principem

187 3291 320 3396 eligere
344 3287 534 3378 noluissent
541 3311 559 3388 ,⁸
584 3290 816 3410 indignatus,
850 3299 1201 3400 integras'regiunes
1217 3299 1251 3370 in

188 3394 323 3471 fauillat
347 3400 508 3502 redegit3
537 3397 738 3506 adultisq'ue
769 3401 897 3502 catis,
922 3403 1105 3480 imbellem
1135 3397 1252 3478 multi-

186 3501 407 3578 tudinem-in
438 3503 689 3606 captiuitatem
716 3503 876 3582 abduxit
909 3511 1258 3584 inteteaMontetu·

188 3604 313 3696 tulus,
342 3607 539 3684 coniunilis
560 3635 644 3685 cum
671 3611 877 3712 Reminyio
913 3615 1051 3712 copiis,¹
1090 3611 1254 3688 claudio-

184 3711 301 3812 polim
324 3714 659 3816 appropinquabat,
685 3720 935 3820 aduentuque*
951 3719 1013 3794 suo
1029 3721 1129 3807 ¹noni
1161 3719 1255 3818 prin·

187 3820 277 3924 cipis
302 3814 514 3894 citilionem
537 3845 614 3897 non
629 3823 847 3926 impediuit,
872 3823 929 3900 ietl
946 3824 1146 3926 promouit.
1165 3823 1252 3913 *Nec

1101 3948 1202 4010 enim
