2668 4458
1002 202 1006 214 ¹
1123 189 1203 286 167

469 341 471 346 ,
733 309 746 347 l¹

107 403 271 504 DEVS,
298 407 364 508 qui
385 401 454 480 hus
470 420 545 482 tam
561 403 683 482 felices
707 425 891 508 armorum
922 402 1095 483 successus
1121 408 1194 487 cle·

107 535 259 590 menter
278 505 566 611 illis-concnffit‘,
592 515 757 588 nondum
797 509 1022 610 Christianis,
1068 537 1088 586 a
1116 519 1195 614 qui·

109 617 180 692 bus
199 621 311 693 nouis
330 621 369 712 in
401 619 475 692 dies
512 615 700 694 sceleribus
728 621 948 717 irritabatur,
988 618 1096 719 plene
1123 620 1195 720 pla·

109 745 235 821 catus,
263 726 359 797 hanc
379 719 444 796 illis
471 745 634 799 mentem
662 746 703 796 ac
720 726 905 820 audaciam
946 748 1021 798 non
1047 725 1192 803 indidit.

106 829 193 902 Hoc
225 850 351 902 tamen
384 851 481 902 anno
513 820 767 932 sigismundus
807 831 957 932 quoque
996 831 1192 920 Bathurius

105 957 285 1033 magnum
308 936 437 1007 Turcis
456 929 609 1028 uulnus·
627 931 756 1007 inflixit
767 959 784 1028 ;
801 981 803 985 v
822 931 1011 1034 postquam
1035 935 1188 1036 foedus,
1239 931 1242 942 ’

98 1037 191 1116 'curn
212 1038 409 1140 liudulpho
426 1033 622 1135 sancitum,
649 1036 763 1138 pallis
782 1037 1002 1138 nuptialibus
1020 1037 1189 1120 firmauit.

26 1171 29 1242 ὲ
103 1147 286 1235 sumes,
312 1141 690 1243 auditaMoldauiae,
726 1144 942 1242 valachiae,
978 1140 1189 1222 Transsilua·

25 1307 27 1318 .
102 1252 189 1332 uiae
207 1247 433 1344 defedione,
459 1247 544 1324 curn
569 1271 657 1330 100.
678 1249 836 1326 millibus
870 1243 1091 1326 armatorum
1117 1255 1188 1325 Va·

102 1352 260 1430 lachiam
278 1353 447 1460 ingressus
459 1381 480 1449 ,·
498 1354 725 1432 Bucorestam
747 1375 785 1432 et
802 1355 1054 1456 Tergouistam
1081 1377 1190 1434 utcu·
1228 1373 1229 1378 ’

99 1463 218 1560 pauit.
242 1465 297 1560 (a)
337 1449 415 1536 Sed
436 1457 654 1538 Michaelem
678 1462 877 1537 vaiuudanr
901 1483 939 1538 et
957 1459 1213 1562 Kirilyiuru,'·
1277 1537 1281 1542 .

100 1589 216 1664 quern
247 1569 286 1640 in
308 1564 600 1654 illiusjauxilium
628 1569 823 1646 Bathorius
856 1590 941 1642 cum
969 1571 1085 1668 250⁶.
1109 1566 1187 1642 sub·

97 1672 267 1770 miserat,
294 1661 340 1748 ad
358 1671 533 1780 angustias
560 1665 697 1776 'alpium
732 1672 973 1771 insequutus,
1016 1698 1102 1751 cum
1130 1677 1187 1748 in·
1292 1716 1297 1725 ,

96 1777 191 1876 figni
217 1778 317 1876 clade
342 1773 494 1853 reiectus
519 1777 578 1856 est.
633 1785 777 1854 Interea
794 1782 1025 1876 Rammius,
1070 1801 1190 1878 opera·
1263 1872 1265 1880 y

94 1881 284 1983 Borbelyii
306 1885 419 1985 Lippa
437 1883 651 1984 ,multisque
681 1876 881 1976 minoribus
914 1887 1056 1959 arcibus
1074 1882 1180 1958 facile

93 1988 272 2088 potitus,
297 2013 359 2068 20.
381 1986 536 2092 millibus
565 1985 755 2090 equitum,
796 2005 857 2085 32:
889 1985 1046 2064 millibus
1079 1989 1181 2088 pedi·-

94 2111 178 2166 tum
197 2095 236 2166 iu
254 2095 423 2172 auxilium
449 2093 641 2173 Michaelis
670 2091 859 2190 adductis,
900 2112 1045 2169 tautum
1079 2095 1178 2166 Sina-
1284 2098 1286 2106 '

90 2200 134 2272 ni
154 2218 296 2278 metum
319 2193 485 2298 inculsit,
511 2221 554 2276 vt
577 2203 630 2299 is,
656 2199 787 2277 relitlis
803 2199 1038 2301 Tergoulllae
1060 2218 1181 2294 4000.

94 2304 331 2384 Bucotestanr
348 2307 382 2384 se
399 2306 599 2408 receperit„
629 2311 685 2382 At
708 2307 819 2380 etiam
836 2297 960 2406 istinc,
986 2303 1179 2408 postquam

98 2411 347 2514 Tergouistam
372 2411 505 2498 virtute
540 2409 767 2510 Siculorum,
805 2403 936 2514 quibus
972 2411 1108 2498 auitam
1139 2405 1183 2484 li·
1297 2407 1300 2414 '

91 2515 478 2616 bertatem'Bathorius
503 2517 682 2616 restituit,
709 2533 955 2620 expugnatam
977 2513 1046 2592 elle
1072 2537 1176 2597 uom-
1201 2607 1203 2612 .
1269 2579 1270 2586 ,

41 2635 49 2640 ’
92 2617 207 2722 peritg
233 2621 362 2703 multis
376 2627 415 2698 in
433 2625 493 2699 via
521 2621 714 2699 tormentis
738 2623 1088 2726 impedimentisque
1123 2641 1180 2694 re·

89 2721 213 2824 siun,
240 2747 345 2804 tanto
365 2751 451 2806 cunr
472 2728 617 2820 suorum
645 2728 778 2804 timore
797 2727 914 2832 sugit,
939 2745 1005 2820 vt,
1034 2721 1099 2800 vbi
1129 2720 1182 2801 ud
1309 2767 1311 2776 ‚

90 2830 164 2909 Io‘c'a
188 2829 389 2942 augustiora
411 2855 476 2942 urat
503 2851 646 2936 pontes,
683 2831 873 2935 puludIbus
899 2852 932 2907 et
958 2829 1093 2907 lacunis
1113 2833 1178 2906 iur-

86 2935 237 3040 postus,
257 2957 461 3040 peruentum
480 2937 588 3050 effet,
614 2942 653 3015 in
687 2927 967 3040 praeoccupando
998 2930 1177 3036 transtra,

88 3047 219 3148 mutuis
227 3043 302 3146 sesi
320 3045 523 3140 uulneribus
539 3041 701 3148 conficere
720 3042 816 3120 ‘leand
827 3037 1040 3118 dubitarent.
1070 3041 1177 3148 Sigis-

92 3152 251 3230 mundus
264 3209 276 3251 ,
293 3153 503 3254 ¹lugientem
528 3149 760 3252 insequutus,
798 3155 862 3234 28·
881 3145 1049 3222 Oblobris
1076 3165 1171 3243 eos,
1292 3197 1296 3202 .

88 3257 153 3354 qui
172 3261 341 3334 nondum
362 3255 747 3354 Istrum2traiece'raut,
777 3249 956 3358 aggressus
972 3249 1033 3328 est.
1063 3249 1172 3326 Parie-

87 3383 124 3434 re
136 3355 312 3468 inpugna
334 3362 384 3442 ad
406 3348 520 3458 ςὀοο.
540 3353 706 3462 Ιιοβίιιηιι
725 3359 890 3436 'totidem
915 3357 1050 3456 captiui
1067 3354 1171 3430 chri·
1290 3373 1304 3388 ·’

45 3557 48 3562 ¹
88 3461 189 3541 stiaui
219 3465 374 3545 libertati
400 3463 483 3543 sunt
513 3461 699 3539 restituti:
744 3485 870 3554 currus
897 3461 1038 3537 onerati
1063 3455 1167 3534 facile
1263 3465 1267 3474 '

592 3592 595 3596 ’
634 3572 752 3664 La¹
986 3575 1103 3646 6000.

582 3725 1161 3746 mmm
1218 3735 1221 3745 ι
